<?xml version="1.0" encoding="UTF-8"?><collection xmlns="http://www.loc.gov/MARC21/slim"><record><leader>00627nam--2200181-i-4500</leader><controlfield tag="001">000023512</controlfield><controlfield tag="002">20161230</controlfield><controlfield tag="005">20161230201035</controlfield><controlfield tag="008">060222s1000------------r-----000-0-ger-d</controlfield><datafield ind1=" " ind2=" " tag="040"><subfield code="a">IFIN-HH</subfield></datafield><datafield ind1=" " ind2=" " tag="041"><subfield code="a">ger</subfield></datafield><datafield ind1=" " ind2=" " tag="080"><subfield code="a">537.311.33(043)</subfield></datafield><datafield ind1="1" ind2=" " tag="100"><subfield code="a">Huss, Rolf-rudiger</subfield></datafield><datafield ind1="1" ind2="0" tag="245"><subfield code="a">Nichtlineare eigenschaften kleiner proben in nomogenen supraleitungszustand. untersuchung uber die anwendbarkeit fur parametrische mikrowellenverstarker</subfield><subfield code="b">Dissertation</subfield><subfield code="c">Rolf-rudiger hass</subfield></datafield><datafield ind1=" " ind2=" " tag="260"><subfield code="a">Braunschweig</subfield><subfield code="b">Universitat Carlo-wilhelmina</subfield><subfield code="c">1974</subfield></datafield><datafield ind1=" " ind2=" " tag="300"><subfield code="a">VII + 147 P</subfield></datafield><datafield ind1=" " ind2=" " tag="852"><subfield code="a">42490</subfield><subfield code="c">537.311.33</subfield></datafield><datafield ind1=" " ind2=" " tag="CAT"><subfield code="a">Sys</subfield><subfield code="c">20110722</subfield><subfield code="h">120549</subfield></datafield></record></collection>